<?xml version="1.0" encoding="UTF-8"?><collection xmlns="http://www.loc.gov/MARC21/slim"><record><leader>00456nam--2200133-i-4500</leader><controlfield tag="001">000008949</controlfield><controlfield tag="002">20161230</controlfield><controlfield tag="005">20161230201028</controlfield><controlfield tag="008">060222s1000------------r-----000-0-eng-d</controlfield><datafield ind1=" " ind2=" " tag="080"><subfield code="a">621,O39.3</subfield></datafield><datafield ind1=" " ind2=" " tag="100"><subfield code="a">Chavet, Itzhak</subfield></datafield><datafield ind1=" " ind2=" " tag="245"><subfield code="a">Etude de la production des ions et de la forma tion du faisceau dans un separateur electromag netique d isotopes.l-ere these.anexe de la l e re these</subfield></datafield><datafield ind1=" " ind2=" " tag="260"><subfield code="a">Paris,La Faculte Des Sciences,/1969/.72 P.(1)</subfield></datafield><datafield ind1=" " ind2=" " tag="852"><subfield code="a">31118</subfield></datafield></record></collection>